<?xml version="1.0" encoding="UTF-8"?><collection xmlns="http://www.loc.gov/MARC21/slim"><record><leader>00475nam--2200169-i-4500</leader><controlfield tag="001">000030781</controlfield><controlfield tag="002">20161230</controlfield><controlfield tag="005">20161230201038</controlfield><controlfield tag="008">060222s1000------------r-----000-0-eng-d</controlfield><datafield ind1=" " ind2=" " tag="040"><subfield code="a">IFIN-HH</subfield></datafield><datafield ind1=" " ind2=" " tag="080"><subfield code="a">539.219.3</subfield></datafield><datafield ind1="1" ind2=" " tag="100"><subfield code="a">Manning, John R</subfield></datafield><datafield ind1="1" ind2="0" tag="245"><subfield code="a">Dsiffusion kinetics for atoms in crystals</subfield><subfield code="c">John r. manning</subfield></datafield><datafield ind1=" " ind2=" " tag="260"><subfield code="a">Princceton, New Jersey</subfield><subfield code="b">D.Van Nostrand Company, Inc</subfield><subfield code="c">1968</subfield></datafield><datafield ind1=" " ind2=" " tag="300"><subfield code="a">XV + 257P</subfield></datafield><datafield ind1=" " ind2=" " tag="852"><subfield code="a">28737</subfield><subfield code="c">539.217</subfield></datafield><datafield ind1=" " ind2=" " tag="CAT"><subfield code="a">Sys</subfield><subfield code="c">20121210</subfield><subfield code="h">143221</subfield></datafield></record></collection>